2865 4694
824 485 1902 593 <rnnozoorcA.‚
2240 506 2329 585 45

338 696 341 699 ·
454 688 646 761 regna
707 690 1035 757 novaeque
1090 686 1314 760 gentes
1328 718 1357 755 ,
1438 690 1645 755 quae,
1735 673 2030 742 torrentis
2093 659 2283 743 instar
2301 721 2332 760 ,

453 793 670 861 civilia
718 791 979 875 imperia
1035 805 1386 860 evertentes
1404 837 1429 873 ‚
1485 791 1928 862 Ecclefiastico
1972 791 2035 858 se
2084 794 2332 862 addixe-

326 962 338 978 .
447 924 640 996 rant3
707 905 1004 979 nimirum
1054 908 1315 977 moralia
1378 909 1728 994 religionis*
1759 910 2155 978 Christianae
2199 916 2332 998 pla-

348 1056 354 1060 ·
438 1027 580 1095 -cita
625 1046 843 1096 eorum
902 1040 1145 1093 mentes
1188 1017 1623 1111 adverterant,
1685 1041 1790 1109 et,
1849 1047 1992 1101 cum
2048 1026 2328 1095 melioria

443 1145 835 1214 conditionis
922 1141 1153 1208 semina
1212 1140 1569 1225 proferrent
1605 1190 1630 1225 ,
1713 1141 1875 1210 sacra
1966 1144 2327 1215 Christiana

438 1264 902 1344 amplectentes
924 1303 949 1340 ,
995 1257 1371 1327 hierarchiae
1425 1261 1608 1328 ssmul
1659 1260 1923 1344 imperio
1984 1260 2046 1327 se
2093 1260 2325 1330 submi·

434 1378 661 1446 serunt
700 1376 847 1461 (1).
931 1375 1266 1443 Pontifices
1328 1394 1484 1443 vero
1542 1376 1868 1458 Romani,
1935 1376 2035 1443 his
2093 1394 2326 1459 oppor-

441 1492 817 1560 tunitatibus
877 1492 1204 1578 diligenter
1282 1508 1529 1561 utentes
1548 1540 1575 1577 ,
1660 1493 2079 1562 monarchiam
2150 1491 2322 1563 suam

439 1605 641 1677 indies
666 1610 1016 1676 firmiorem
1079 1610 1334 1678 reddere
1369 1611 1677 1679 continuo
1715 1611 2088 1679 studuerunt
2129 1616 2272 1697 (2).

521 1724 820 1794 Attamen
874 1723 986 1794 sua
1025 1724 1226 1793 studia
1267 1726 1536 1811 fingulae
1584 1742 1798 1811 gentes
1841 1729 1907 1796 in
1944 1727 2312 1815 religionem

435 1841 865 1912 Christianam
882 1843 1338 1907 transtulerunt
1359 1888 1384 1922 ,
1409 1856 1475 1908 et
1495 1842 1730 1910 diversa
1770 1863 1889 1927 pro
1925 1845 2028 1912 his
2071 1846 2311 1916 ratione

426 1957 557 2027 sese
617 1977 767 2043 erga·
812 1956 1213 2027 hierarchiam
1273 1933 1617 2045 gesserunt.
1707 1962 2070 2030 Auctoritas
2141 1963 2310 2033 enim

430 2075 805 2145 clericorum
827 2123 854 2159 ,
936 2088 1104 2160 quae
1164 2076 1231 2143 in
1272 2077 1451 2146 Italia
1502 2080 1783 2163 suprema
1841 2077 2151 2162 evaserat,
2205 2080 2306 2148 .in

429 2195 570 2263 aliis
635 2193 1001 2279 regionibus
1023 2238 1058 2277 ‚
1136 2194 1347 2264 medio
1401 2193 1644 2265 saeculo
1703 2195 1799 2263 XI
1817 2242 1841 2277 ,
1927 2214 2304 2282 magnopere

427 2310 966 2395 restringebaturg
1008 2309 1143 2378 imo
1188 2322 1290 2379 tot
1338 2310 1545 2380 modis
1601 2311 1923 2397 principes
1981 2314 2171 2380 rebus
2206 2314 2300 2381 sa-

422 2430 549 2497 cris
634 2428 759 2497 sese
836 2426 1266 2495 immiscebant
1289 2476 1314 2512 ,
1391 2441 1566 2497 tanta
1625 2431 1768 2516 jura
1834 2430 1902 2497 in
1958 2429 2299 2505 Ecclefiam

422 2547 545 2618 fibi
594 2545 994 2617 vindicabant
1011 2595 1036 2630 ,
1079 2561 1145 2612 et
1192 2543 1449 2614 vinculo
1509 2561 1630 2611 tam
1691 2561 1866 2612 arcto
1922 2522 2295 2630 praepoten-

419 2665 578 2733 tium
634 2664 1004 2738 clericorum
1055 2660 1403 2731 dominium
1430 2679 1584 2752 cum
1622 2660 1885 2747 imperio
1926 2661 2099 2729 civili
2137 2683 2292 2735 con·

418 2783 787 2853 nectebatur
808 2826 834 2865 ,
895 2795 971 2848 ut
1030 2779 1212 2848 multi
1264 2794 1420 2848 tune
1472 2781 1774 2865 temporis
1826 2779 1900 2847 de
1943 2780 2290 2853 Laicorum

413 2902 788 2972 auctoritate
842 2899 911 2967 in
975 2898 1166 2969 rebus
1220 2896 1674 2968 Ecclefiasticis
1741 2899 2076 2970 minuenda
2091 2946 2115 2981 ,
2179 2918 2290 2965 ne-

360 3053 371 3060 ·
419 3036 530 3086 mo
580 3031 741 3084 vero
789 3016 870 3081 de
917 3015 1065 3079 hac
1091 3011 1345 3095 prorsus
1390 3014 1668 3080 tollenda
1683 3058 1709 3094 ,
1768 3014 2045 3099 cogitare
2100 3013 2284 3085 ausus

410 3131 658 3207 fuisset.

497 3250 652 3339 Quo
708 3244 942 3316 rectius
985 3244 1063 3312 de
1120 3201 1522 3314 Hierarchiae
1559 3243 1875 3314 Romanae
1914 3250 2282 3323 auctoritate

415 3368 486 3438 in
540 3368 731 3440 variis
776 3365 1140 3453 regionibus
1184 3363 1428 3435 diversa
1455 3364 1857 3454 judicemus,
1897 3368 2076 3437 lubet
2117 3371 2277 3443 hanc

2199 3505 2271 3556 m
2351 3555 2354 3556 γ

471 3671 569 3737 (ι)
597 3671 759 3725 Conf-
788 3668 1221 3733 Robettfon,
1258 3668 1360 3720 Tru
1394 3667 1599 3735 history
1629 3669 1697 3734 of
1716 3669 1943 3719 charles
1959 3669 2265 3732 v..v01.1.

411 3771 771 3930 8331ῦέ1ἲὲ
796 3769 1104 3922 zallen,
1148 3855 1306 3921 lasa!
1329 3856 1432 3920 su·
1471 3851 1764 3924 must-enea
1801 3857 1862 3911 δα
1894 3854 1952 3911 la
1993 3855 2266 3924 ,ufer-6·

404 3961 519 4009 em
545 3958 604 4012 dc
642 3955 880 4018 zonae,
912 3967 1029 4019 pag.
1066 3959 1160 4019 ⁸98
1195 3965 1251 4008 et·
1279 3960 1396 4019 σοι·
