2865 4694
618 462 707 526 90
1007 439 2120 510 coM²MENTAT1o

620 643 955 707 procerum
1008 625 1252 691 animos
1308 622 1387 688 ab
1459 622 1743 689 Henrico
1796 625 1910 695 IV.
1955 625 2293 706 alienaret,
2340 624 2486 691 fibi-

621 759 745 822 que
782 760 1001 807 omues
1044 763 1229 824 quam
1272 742 1538 807 maxime
1608 742 1968 813 devinciret.
2055 743 2330 809 Primum
2394 744 2502 831 ita„

620 857 689 924 in
729 858 1047 941 concili0‚
1095 860 1334 925 Romae
1373 875 1728 927 convocato
1762 908 1786 943 ,
1822 859 2179 942 Gregorius
2221 873 2485 925 testatus

618 991 718 1043 est
742 1025 766 1059 ‚
800 975 866 1043 se
919 976 1266 1046 discordiae
1319 992 1383 1042 et
1443 977 1769 1043 turbarum
1821 992 2146 1043 motarum·
2167 990 2486 1042 auctorem

618 1111 757 1162 non
802 1094 1029 1174 fuisse,
1072 1094 1199 1160 imo
1264 1093 1321 1158 se
1364 1092 1639 1175 frustra,
1682 1094 1967 1178 epistolis
2019 1093 2264 1176 missis,
2310 1095 2490 1160 Hen-

615 1212 815 1277 ticum
859 1215 935 1278 ad
981 1215 1296 1278 meliorem
1348 1200 1620 1277 me‘ntem
1668 1214 1973 1279 adducere
2025 1208 2298 1279 voluisse
2338 1210 2484 1294 (1).

577 1327 826 1420 ‘Quam'
865 1329 951 1395 ob
997 1350 1122 1396 rem
1163 1329 1373 1397 clerici
1415 1330 1866 1412 decreverunt,
1909 1305 2274 1398 curiensem
2298 1327 2490 1410 Epis-

618 1469 855 1546 copum
919 1452 1190 1530 legatum
1252 1448 1318 1511 in
1383 1448 1786 1513 Germaniam
1862 1445 1991 1512 esse
2064 1446 2486 1525 mittendum,

620 1567 732 1651 qui
764 1568 1196 1645 decretorum,
1238 1564 1304 1628 in
1320 1563 1599 1628 concilio
1639 1564 2001 1642 editorum,
2045 1578 2113 1629 et
2132 1578 2493 1634 excommu-

617 1682 956 1751 nicationis
988 1729 1011 1761 ‚
1041 1681 1165 1764 jam
1208 1680 1638 1757 imminentis,
1663 1681 2110 1759 Imperatorem
2149 1678 2487 1743 certiorem

611 1800 844 1869 faceret
869 1847 892 1881 ‚
917 1816 1190 1879 eumque
1227 1791 1547 1861 simoniae
1570 1814 1740 1859 reum
1765 1793 2099 1858 declararet
2120 1811 2143 1872 ς
2188 1789 2486 1872 quoniam

614 1937 943 1988 munerum
983 1912 1557 1982 Ecclefiasticorum
1583 1910 2126 1977 nundinandorum
2151 1908 2264 1991 ‘jus
2281 1954 2304 1988 ‚
2329 1885 2493 1972 iniri-

613 2039 725 2124 tis'
748 2040 948 2120 Papae
984 2030 1252 2099 decretis
1276 2077 1299 2111 ,
1347 2027 1650 2094 retinebat
1693 2027 1833 2111 (2).
1881 2061 1975 2079 —
2014 2023 2332 2089 Henricus
2372 2025 2491 2090 IV.

615 2153 890 2239 primum
950 2146 1250 2215 submisse
1305 2165 1449 2229 erga
1509 2142 1887 2225 Gregorium
1933 2142 2083 2208 VII.
2138 2139 2199 2206 se
2250 2141 2437 2225 gesfit
2465 2191 2490 2225 ‚

614 2287 837 2338 verum
858 2269 889 2351 ,’
973 2265 1238 2331 victoria
1296 2266 1372 2329 de
1438 2260 1690 2343 Imperii
1754 2258 2055 2325 hostibus
2126 2262 2493 2342 reportata,

618 2389 894 2455 animum
943 2385 1158 2462 auxit,
1204 2397 1268 2445 et.
1311 2380 1391 2445 iis
1417 2427 1441 2459 ,
1488 2399 1647 2461 quae
1699 2393 1876 2444 antea
1914 2362 2335 2462 promiserat,
2379 2400 2498 2462 pu-

618 2507 785 2574 blice
834 2523 967 2571 non
1024 2500 1177 2568 stare
1229 2498 1411 2564 ausus
1475 2478 1598 2564 est.
1683 2498 1893 2577 Papa,
1953 2496 2030 2560 de
2079 2496 2200 2560 hac
2235 2496 2497 2581 ‘injuria

615 2625 854 2692 frustra
904 2633 1174 2703 questus
1201 2666 1224 2700 ‚
1266 2618 1709 2700 Imperatorem
1755 2632 1867 2695 per
1922 2615 2162 2697 legatos
2224 2593 2500 2682 Romam

617 2741 836 2806 citavit
880 2736 1128 2818 (1076)
1187 2735 1349 2818 (3),
1397 2735 1500 2797 sed
1543 2734 1692 2812 hic,
1738 2732 1946 2798 animo
2006 2731 2281 2814 elatior,
2326 2734 2491 2799 haud

619 2856 748 2926 fine
799 2849 1223 2935 asperioribus
1268 2848 1480 2912 verbis
1507 2898 1512 2904 .
1539 2848 1912 2929 legationem
1956 2852 2243 2930 papalem
2318 2847 2492 2916 dimi-

558 3028 561 3031 .
620 2977 697 3044 fit
730 2940 811 3040 'et
846 2970 1045 3038 statim
1069 3016 1094 3050 ‚
1153 2965 1392 3051 synodo
1432 2963 1838 3051 *Wormatiae
1876 2973 2235 3034 convocata
2266 3016 2291 3049 ‚
2335 2967 2489 3033 Gre-

622 3092 803 3179 gorio
830 3139 853 3173 ‚
897 3087 1196 3154 scelerum
1264 3064 1581 3149 variorum
1649 3079 1934 3147 accusato
1959 3128 1983 3163 ‚
2050 3085 2485 3166 pontificatum

2312 3203 2485 3268 abro-

691 3381 781 3444 (1)
817 3379 932 3427 vid.
966 3374 1292 3436 Gregorii
1325 3371 1595 3434 Epistolae
1619 3401 1638 3426 ‚
1671 3366 1776 3415 Lib.
1812 3368 1867 3421 1,
1902 3367 2053 3427 epist.
2089 3379 2137 3426 9.
2179 3379 2239 3418 ιι
2261 3402 2279 3429 ,
2314 3363 2453 3414 aliae.

691 3477 786 3541 (2)
817 3474 944 3525 vid.
984 3478 1067 3521 ve
1083 3487 1115 3521 ιι
1131 3486 1158 3520 e
1174 3484 1222 3518 ιιι
1239 3484 1266 3518 a
1283 3503 1300 3528 ,
1322 3471 1470 3516 Hist.
1503 3465 1696 3523 Eccles.
1711 3497 1729 3524 ,
1765 3464 1915 3514 Tom.
1938 3465 2011 3520 V.
2036 3475 2148 3522 pag.
2181 3467 2299 3516 618.
2330 3457 2482 3510 Cons.

627 3581 672 3629 Δ
689 3590 769 3627 nn
783 3590 810 3625 a
826 3588 854 3624 e
898 3570 943 3622 C
959 3584 990 3619 o
1006 3581 1054 3617 m
1070 3580 1101 3614 ιι
1121 3579 1149 3613 e
1164 3578 1193 3612 n
1211 3577 1239 3611 a
1256 3575 1285 3610 e
1301 3594 1319 3623 ‚
1383 3559 1670 3606 Alexiados
1712 3558 1767 3606 in
1814 3571 2030 3620 corpore
2092 3561 2243 3608 Hist.
2294 3558 2491 3617 Byzan·

635 3679 814 3732 rinae,
849 3671 964 3720 Lib.
1003 3667 1050 3716 1.
1088 3675 1201 3725 pag.
1242 3672 1321 3718 31.

696 3773 791 3836 (³)
843 3746 1002 3816 Cous.
1055 3759 1415 3816 Gieseler,
1463 3756 1502 3803 Ι.
1534 3767 1581 3804 c.
1608 3751 1734 3813 ,11.
1773 3752 1833 3800 B.
1877 3751 1951 3799 11.
2006 3749 2205 3808 Abth„
2237 3757 2349 3807 ρης.
2398 3745 2490 3795 16·

640 3861 976 3926 Gregorii
1033 3856 1251 3916 epistola
1300 3853 1362 3900 ad
1427 3847 1838 3907 Heuricum,
1887 3841 2491 3903 Lib.ul.epist.103

638 3961 924 4020 Planek,
958 3959 996 4005 1.
1034 3967 1081 4000 c.
1117 3952 1208 3999 IV.
1247 3950 1290 3998 1.
1328 3945 1568 4005 Bt-Ab„
1601 3954 1656 4002 p.
1694 3942 1804 3990 162.
