2865 4694
513 490 594 552 28
912 485 2037 561 COMMENTATIO

412 749 417 758 ,
510 682 607 738 ter
667 669 1008 754 Astur-ias,
1092 671 1424 757 utriusque
1502 672 1845 755 Castiliae,
1911 675 2191 758 Leonis,
2253 676 2401 742 Na-.

513 802 723 854 vai-rae
776 804 838 858 ot
891 788 1008 859 alia
1051 807 1237 874 regna
1261 838 1286 874 ‚
1349 792 1428 859 de
1481 791 1714 873 quibus
1753 808 1974 875 postea
2061 792 2388 878 disputan·

516 904 693 976 dum.

1349 1190 1412 1270 S.
1501 1207 1568 1266 4.

1080 1437 1350 1522 Europa
1412 1437 1824 1505 Germanica.

589 1691 820 1778 Iniigni
877 1693 994 1758 hac
1042 1691 1340 1774 Europae
1388 1703 1564 1784 parte
1626 1709 1759 1759 non
1820 1706 2064 1762 tantum
2124 1697 2388 1766 Germa-

502 1795 670 1880 niam
691 1858 716 1894 ‚
776 1799 1058 1908 '‘proprie
1119 1808 1201 1876 fic
1256 1809 1481 1876 dictam
1511 1846 1535 1883 ‚
1595 1811 2231 1895 comprehendimus,
2288 1814 2408 1896 sed:

507 1921 798 2018 regiones
882 1926 1068 1994 etiam
1093 1972 1118 2009 ‚
1181 1945 1344 2010 quae
1407 1925 1689 2008 universe
1736 1942 1915 1995 trans
1973 1929 2288 2018 Rhenum,
2333 1946 2397 2020 et

505 2046 872 2121 Danubium
915 2045 995 2109 ad
1029 2063 1195 2110 mare
1234 2043 1545 2110 Balticum
1593 2064 1795 2126 usque
1839 2045 1983 2113 fitae
2023 2046 2192 2117 sunt.
2264 2050 2414 2122 Hiss

504 2163 667 2236 varii
719 2161 1034 2259 principes
1085 2159 1291 2227 titulis
1351 2160 1610 2228 diverfis
1635 2177 2025 2245 praeerant,
2119 2185 2389 2248 quorum

504 2279 891 2368 singulorum
953 2276 1080 2344 fata
1124 2275 1440 2343 recensere
1478 2279 1738 2367 longum
1778 2294 1901 2346 est.
1946 2281 2053 2349 Ne
2079 2282 2291 2366 igitur
2328 2283 2396 2350 in

508 2399 615 2467 his
652 2399 889 2465 diutius
917 2444 943 2479 ‚
964 2415 1148 2478 quam
1173 2414 1286 2478 par
1307 2409 1450 2478 est,
1484 2395 1842 2477 haereamus
1869 2446 1894 2481 ,
1938 2399 2191 2483 Imperii
2232 2401 2397 2468 Ger-

506 2516 783 2598 manici,
843 2513 948 2581 cui
1009 2532 1228 2590 omnes
1286 2513 1357 2583 hi
1416 2512 1732 2598 principes
1789 2515 1987 2598 magis
2046 2517 2336 2583 minusve
2359 2565 2385 2600 ‚

507 2634 720 2703 medio
754 2620 1016 2698 ‘saaculo
1060 2631 1197 2713 XI,
1241 2612 1524 2716 subjecti*
1552 2645 1722 2700 erant
1745 2678 1768 2711 ‚
1812 2632 2236 2699 conditionem
2278 2644 2390 2701 co-

505 2740 803 2839 piofiusg
902 2732 1166 2815 maxime
1231 2748 1452 2845 quod„
1497 2749 1576 2817 ad
1641 2748 2048 2821 hierarchiam
2111 2750 2350 2820 adtinet
2370 2798 2397 2832 ‚

520 2884 936 2953 exponemus,

588 2985 753 3055 Otto
790 2999 1102 3067 magnus,
1144 2980 1490 3081 Imperator
1533 2980 1738 3065 (962)
1783 3001 1820 3051 a
1864 2982 2071 3065 Papa,
2106 2983 2398 3070 Johanne

505 3102 677 3184 XII,
718 3111 1059 3167 coronatus
1076 3143 1100 3179 ,
1144 3097 1255 3162 tali
1283 3097 1472 3171 titulo
1516 3098 1776 3183 dignum
1819 3116 1962 3182 erga
1990 3100 2414 3175 hierarchiam

505 3218 632 3297 sese
683 3216 907 3325 gesfit3
945 3190 1298 3297 Johannem
1322 3216 1510 3297 enim
1528 3262 1555 3296 ‚
1600 3217 1977 3283 horrendum
2020 3218 2196 3286 illum
2226 3238 2388 3302 pon-

507 3333 744 3402 tificem
770 3378 796 3415 ‚
858 3353 895 3405 e
946 3330 1084 3396 sede
1132 3329 1339 3414 papali
1385 3331 1628 3415 (964).
1655 3333 1893 3418 ejecit,
1936 3354 2006 3400 ae
2061 3338 2206 3429 loco
2251 3337 2412 3425 ejus

505 3432 803 3541 Leonem
838 3434 1035 3516 VIII.
1100 3446 1426 3514 constituit
1485 3448 1631 3534 (1).
1737 3452 1980 3518 Mirum
2031 3450 2172 3518 sane
2218 3455 2385 3521 acci·

505 3570 606 3645 dit
641 3571 1052 3655 Imperatores
1101 3562 1565 3648 Germanic05‚
1610 3570 1784 3635 tanta
1826 3568 2193 3637 auctoritate
2225 3588 2379 3654 gau·

1252 3708 1281 3715 ··
1445 3704 1450 3713 “
1971 3706 1979 3719 ’
2049 3726 2054 3733 ⁴
2087 3701 2096 3733 ³
2243 3690 2392 3765 den-

543 3884 689 3953 ica)
721 3882 1330 3958 qanstmqngkrrn„
1367 3886 1691 3948 naum-1²⁸⁸·
1726 3887 1842 3941 εει.
1908 3885 2002 3929 ..;.
2063 3881 2098 3930 22
2183 3884 2210 3893 ff
2265 3884 2278 3891 ’
