2865 4694
881 484 1928 587 T'HEOLOGi-CAJ-
2161 510 2323 597 “41

434 708 684 766 cerunt
706 707 794 763 ‘ut
835 678 1113 764 universa
1164 674 1421 762 tandem·
1457 692 1855 763 occidentalis
1906 692 2172 778 Europa
2227 691 2337 758 de·

438 813 653 880 ‘cretis
708 808 1145 881 Concilioruin
1191 810 1511 877 statueret.-
1567 857 1610 892 „
1653 810 1936 877 Sanctam
1983 808 2332 877 Romanam

457 946 522 998 et
567 918 974 1016 apostolicam
1030 928 1230 996 sedem
1296 942 1445 1011 post
1510 927 1853 995 Dominum
1888 923 2097 1011 Jesum
2142 940 2332 1009 caput

439 1042 590 1116 Jesse
644 1047 922 1114 omnium
956 1042 1370 1114 Ecclefiarum
1431 1042 1554 1111 Dei
1588 1044 1633 1079 '²
1677 1045 1818 1131 (1).
1906 1045 2106 1127 Papae
2125 1090 2150 1125 ,
2194 1058 2331 1109 tan-

455 1180 586 1238 tam
652 1164 1087 1232 auctoritatem
1158 1160 1370 1245 nacti,
1429 1159 1725 1228 omnibus
1765 1181 1844 1230 eo
1883 1160 2136 1228 facilius
2197 1180 2340 1244 per·

386 1316 391 1319 ·
454 1280 776 1348 suaserunt
844 1291 1018 1345 extra
1071 1275 1412 1361 Ecclesiam
1481 1277 1831 1348 Romanam
1895 1280 2131 1345 nullam
2202 1276 2333 1343 esse

444 1393 716 1469 salutem
744 1440 769 1477 ,
851 1412 922 1460 ac
987 1390 1322 1462 secundum
1367 1395 1539 1466 illam
1601 1413 1819 1460 omnes
1872 1393 2153 1461 actiones
2206 1393 2337 1461 esse

463 1508 911 1595 instituendas3
999 1512 1084 1579 ita
1153 1510 1368 1585 ‚sentim
1434 1513 1629 1598 hujus
1701 1512 2034 1580 Ecclefiae·
2085 1511 2338 1580 asseclis

463 1626 715 1694 libertas
789 1628 1103 1714 cogitandi
1169 1648 1241 1696 ac
1303 1627 1606 1699 sentiendi
1669 1628 1802 1697 fere
1871 1632 2112 1698 ademta
2185 1610 2356 1714 est,

398 1740 405 1743 “
452 1743 774 1812 eharitatis
793 1793 817 1827 ‚
861 1767 1022 1828 quae
1081 1746 1411 1812 vinculum
1482 1747 1982 1817 Christianorum
2049 1746 2334 1815 omnium

457 1856 593 1926 esse
614 1861 947 1944 debebat,
987 1865 1199 1928 locum
1251 1861 1586 1945 occupavit
1626 1848 1981 1932 monarchia
2035 1863 2184 1945 illa,
2225 1864 2337 1931 ‘cui

440 1996 680 2045 ·omnes
726 1978 988 2066 subJecti
1026 1976 1270 2061 essent,
1316 1997 1631 2063 quamque
1675 1997 1961 2048 centrum
2001 1965 2339 2047 commune

452 2094 773 2164 haberent.
906 2095 1137 2165 Unitas
1180 2096 1268 2164 ita
1323 2074 1688 2182 Ecclefiae,
1775 2117 1938 2182 quae
1986 2095 2335 2166 doctrinam

450 2211 882 2297 spectaverat,
925 2214 1000 2280 ad
1041 2212 1232 2280 solam
1285 2214 1414 2296 iam
1465 2214 1844 2280 hierarchiae
1885 2205 2209 2282 unitatem
2238 2234 2338 2282 re-

458 2326 606 2397 ferri
655 2330 1004 2397 videbatur.
1090 2331 1371 2414 Clerici}
1417 2333 1529 2417 qui
1569 2350 1749 2399 antea
1791 2332 2015 2419 populi
2047 2332 2334 2401 favorem,

456 2447 663 2515 venati
710 2450 957 2514 fuerant
979 2495 1003 2530 ,
1056 2448 1225 2520 hunc
1278 2448 1365 2517 n'e
1417 2451 1817 2517 attendebant
1856 2450 2156 2533 quidem3
2222 2449 2336 2514 lai-

452 2585 676 2633 corum
730 2564 1089 2632 auctoritati
1134 2566 1199 2631 in
1257 2566 1539 2633 Ecclesia
1592 2564 1809 2632 senfim
1862 2563 2331 2649 repugnabant,

456 2697 521 2750 et
549 2681 911 2767 principum
956 2682 1291 2764 imperium
1324 2682 1391 2748 in
1435 2681 1622 2748 rebus
1660 2680 1847 2750 sacris
1869 2731 1893 2766 ‚
1932 2681 2038 2749 etfi
2084 2683 2337 2750 minime

453 2771 854 2887 neglectum,
894 2813 1064 2867 certe
1079 2799 1450 2867 clericorum
1495 2798 1757 2884 imperio
1802 2801 2330 2885 postponebatur.
2391 2807 2392 2810 ’

455 2919 858 2987 Hierarchiae
909 2919 1231 2987 Romanae
1279 2917 1672 3000 administri,
1715 2915 1908 2981 rebus
1966 2916 2094 2983 suis
2142 2916 2332 2981 lautis

448 3034 946 3122 prospicientes,
996 3033 1245 3113 crassa,
1294 3052 1455 3113 quae
1478 3009 2075 3117 tunc-grassabatur,
2120 3029 2333 3117 super·

454 3134 737 3224 stitione'
767 3148 1222 3229 abutebantur3
1294 3146 1521 3211 ritibus
1545 3192 1569 3227 ,
1626 3146 1998 3210 ceremoniis
2071 3165 2141 3212 ac
2200 3147 2331 3213 die·

455 3273 581 3339 bus
624 3268 806 3337 festis
848 3265 1049 3351 pietas
1091 3261 1576 3343 absolvebatur,
1621 3274 1812 3345 atque
1849 3260 1917 3327 in
1937 3261 2117 3332 cultu
2151 3261 2325 3331 hisce

446 3387 688 3464 ,referto
733 3403 954 3454 omnes
994 3380 1474 3468 requiescebant
1513 3381 1658 3467 (9,).

559 3500 564 3506 ’
1248 3491 1259 3504 ’
2200 3497 2327 3564 Or-

527 3706 647 3771 (ι)
665 3707 793 3757 sunt
847 3697 955 3766 ipsa
1005 3699 1164 3754 verba
1209 3700 1406 3752 decreti
1461 3714 1491 3750 a
1534 3712 1752 3764 quatuor
1788 3696 2023 3750 conciliis
2065 3697 2184 3759 lati,
2231 3694 2321 3749 sen

456 3796 1504 3898 confirmati.conf.V111en--,Essaa·
1522 3799 1623 3861 sur
1649 3800 1706 3848 la
1734 3797 2078 3861 riser-ruhte
2108 3794 2169 3845 de
2198 3793 2319 3850 Bu·

455 3898 612 3960 ther,
640 3903 756 3959 pag.
794 3874 893 3956 θεὰ
919 3906 976 3945 et
1008 3901 1120 3957 389·

526 3991 803 4062 (ocent-
853 3989 1532 4060 nierelcr‚1.e.m'.
1570 4000 1846 4055 παρ-ειε-
